<?xml version="1.0" encoding="UTF-8"?>
<collection xmlns="http://www.loc.gov/MARC21/slim">
    <record>
        <leader>00000nz  a2200169   4500</leader>
        <controlfield tag="001">30079705</controlfield>
        <controlfield tag="003">RISM</controlfield>
        <controlfield tag="005">20160216</controlfield>
        <controlfield tag="008">160216n||az|||||||##########||||||||||||</controlfield>
        <datafield tag="040" ind1=" " ind2=" ">
            <subfield code="a">AND-AVan</subfield>
        </datafield>
        <datafield tag="043" ind1=" " ind2=" ">
            <subfield code="c">AD</subfield>
        </datafield>
        <datafield tag="110" ind1="2" ind2=" ">
            <subfield code="a">Arxiu Nacional d’Andorra</subfield>
            <subfield code="c">Andorra la Vella</subfield>
            <subfield code="g">AND-AVan</subfield>
        </datafield>
        <datafield tag="622" ind1=" " ind2=" ">
            <subfield code="e">Arxiu Nacional d’Andorra, Edifici Prada Casadet, Prada Casadet, 8-12, AD500 Andorra la Vella, Andorra</subfield>
            <subfield code="u">http://www.cultura.ad/arxiu-nacional-andorra</subfield>
        </datafield>
    </record>