
    <record>
        <leader>00000nz  a2200169   4500</leader>
        <controlfield tag="001">30079706</controlfield>
        <controlfield tag="003">RISM</controlfield>
        <controlfield tag="005">20160216</controlfield>
        <controlfield tag="008">160216n||az|||||||##########||||||||||||</controlfield>
        <datafield tag="040" ind1=" " ind2=" ">
            <subfield code="a">AND-AVbn</subfield>
        </datafield>
        <datafield tag="043" ind1=" " ind2=" ">
            <subfield code="c">AD</subfield>
        </datafield>
        <datafield tag="110" ind1="2" ind2=" ">
            <subfield code="a">Biblioteca Nacional d’Andorra</subfield>
            <subfield code="c">Andorra la Vella</subfield>
            <subfield code="g">AND-AVbn</subfield>
        </datafield>
        <datafield tag="622" ind1=" " ind2=" ">
            <subfield code="e">Biblioteca Nacional dâAndorra, (Casa Bauró), Placeta de Sant Esteve, s/n., AD500 Andorra la Vella, Andorra</subfield>
            <subfield code="u">http://www.cultura.ad/biblioteca-nacional-2</subfield>
        </datafield>
    </record>
</collection>

